<?xml version="1.0" encoding="UTF-8"?><collection xmlns="http://www.loc.gov/MARC21/slim"><record><leader>00416nam--2200145-i-4500</leader><controlfield tag="001">000034883</controlfield><controlfield tag="002">20161230</controlfield><controlfield tag="005">20161230201040</controlfield><controlfield tag="008">060222s1000------------r-----000-0-eng-d</controlfield><datafield ind1=" " ind2=" " tag="080"><subfield code="a">621.3.040.774</subfield></datafield><datafield ind1=" " ind2=" " tag="245"><subfield code="a">Power-transistor and ttl integrated-circuit applications</subfield></datafield><datafield ind1=" " ind2=" " tag="260"><subfield code="a">New York, Mcgraw-hill Book Co., 1977, 248p</subfield></datafield><datafield ind1=" " ind2=" " tag="490"><subfield code="a">Texas Instruments Electronics Series</subfield></datafield><datafield ind1=" " ind2=" " tag="700"><subfield code="a">Norris, Bryan</subfield></datafield><datafield ind1=" " ind2=" " tag="852"><subfield code="a">48758</subfield></datafield></record></collection>